@inproceedings{Otal2024,
   title={LLM Honeypot: Leveraging Large Language Models as Advanced Interactive Honeypot Systems},
   url={http://dx.doi.org/10.1109/CNS62487.2024.10735607},
   DOI={10.1109/cns62487.2024.10735607},
   booktitle={2024 IEEE Conference on Communications and Network Security (CNS)},
   publisher={IEEE},
   author={Otal, Hakan T. and Canbaz, M. Abdullah},
   year={2024},
   month=sep, pages={1â€“6} 
}

@inproceedings{christli2024,
  author = {Christli, J. A. and Lim, C. and Andrew, Y.},
  title = {AI-Enhanced Honeypots: Leveraging LLM for Adaptive Cybersecurity Responses},
  booktitle = {International Conference on Information Technology and Electrical Engineering},
  year = {2024},
  pages = {451--456},
  doi = {10.1109/ICITEE62483.2024.10808265}
}

@mastersthesis{gizzarelli2024,
  title        = {Honeypot and Generative AI},
  author       = {Enea Gizzarelli},
  school       = {Politecnico di Torino},
  year         = {2024},
  type         = {Master's Degree Thesis},
  address      = {Turin, Italy},
  supervisor   = {Andrea Atzeni},
  note         = {Available at Webthesis: https://webthesis.biblio.polito.it/33140/},
}

@article{reworr2024,
  author = {Reworr and Volkov, D.},
  title = {LLM Agent Honeypot: Monitoring AI Hacking Agents in the Wild},
  journal = {arXiv preprint arXiv:2410.13919},
  year = {2024},
  doi = {10.48550/arxiv.2410.13919}
}

@INPROCEEDINGS{frauenholz2017,
  author={Fraunholz, Daniel and Zimmermann, Marc and Schotten, Hans D.},
  booktitle={2017 19th International Conference on Advanced Communication Technology (ICACT)}, 
  title={An adaptive honeypot configuration, deployment and maintenance strategy}, 
  year={2017},
  volume={},
  number={},
  pages={53-57},
  keywords={Clustering algorithms;Heuristic algorithms;Maintenance engineering;Security;Adaptive systems;Ports (Computers);Algorithm design and analysis;Network Security;Information Security;Adaptive honeypots;Dynamic honeypots;Intelligent honeypots;Context-aware honeypots},
  doi={10.23919/ICACT.2017.7890056}}

@book{Ng2021,
  author    = {Chee Keong Ng and Lei Pan and Yang Xiang},
  title     = {Honeypot Frameworks and Their Applications: A New Framework},
  series    = {SpringerBriefs on Cyber Security Systems and Networks},
  publisher = {Springer},
  year      = {2021},
  isbn      = {978-981-33-6487-1},
}

@article{muennighoff2025,
  title={s1: Simple test-time scaling},
  author={Muennighoff, Niklas and Yang, Zitong and Shi, Weijia and Li, Xiang Lisa and Fei-Fei, Li and Hajishirzi, Hannaneh and Zettlemoyer, Luke and Liang, Percy and Cand{\`e}s, Emmanuel and Hashimoto, Tatsunori},
  journal={arXiv preprint arXiv:2501.19393},
  year={2025},
  url={https://arxiv.org/abs/2501.19393},
  doi={10.48550/arXiv.2501.19393}
}

@inproceedings{dodson2022,
  title={ICS Honeypot Networks: Detecting Targeted Attacks on Industrial Control Systems},
  author={Dodson, Travis and Formby, Daniel and Brasser, Ferdinand and Paverd, Andrew and Green, Benjamin and Urrea, Daniel and Francillon, Aur{\'e}lien and Traynor, Patrick and Butler, Kevin R. and McDaniel, Patrick},
  booktitle={Proceedings of the 43rd IEEE Symposium on Security and Privacy (S\&P)},
  year={2022},
  pages={1233--1250},
  publisher={IEEE},
  doi={10.1109/SP46214.2022.9833646},
  url={https://ieeexplore.ieee.org/document/9833646}
}

@article{fuzi2024,
  title = {Performance Analysis of Network Intrusion Detection Using T-Pot Honeypots},
  author = {Mohd Faris Mohd Fuzi},
  journal = {Journal of Computing Research and Innovation},
  volume = {9},
  number = {2},
  pages = {1--9},
  year = {2024},
  url = {https://jcrinn.com/index.php/jcrinn/article/view/477}
}

@article{sladic2023,
  title={LLM in the Shell: Generative Honeypots},
  author={Sladi{\'c}, Muris and Valeros, Veronica and Catania, Carlos and Garcia, Sebastian},
  journal={arXiv preprint arXiv:2309.00155},
  year={2023},
  url={https://arxiv.org/abs/2309.00155},
  doi={10.48550/arXiv.2309.00155}
}

@article{pittman2020taxonomy,
  title = {A Taxonomy for Dynamic Honeypot Measures of Effectiveness},
  author = {Pittman, Jason M. and Hoffpauir, Kyle and Markle, Nathan and Meadows, Cameron},
  journal = {arXiv preprint arXiv:2005.12969},
  year = {2020},
  url = {https://arxiv.org/abs/2005.12969},
  doi = {10.48550/arXiv.2005.12969}
}

@inproceedings{spitzner2003,
  title = {Honeypots: Catching the Insider Threat},
  author = {Lance Spitzner},
  booktitle = {Proceedings of the 19th Annual Computer Security Applications Conference (ACSAC)},
  year = {2003},
  organization = {Honeypot Technologies Inc},
  address = {Las Vegas, NV, USA},
  url = {https://www.acsac.org/2003/papers/spitzner.pdf}
}
